 https://www.kaggle.com/datasets/sevgisarac/temperature-change
